@article{yamada2020,
  title={風水害における消防団員の人的被害の特徴－1969年から2018年までの災害を事例に－},
  author={山田忠 and 後藤雄太 and 松枝心路},
  journal={土木学会論文集F6（安全問題）},
  volume={76},
  number={1},
  pages={20--27},
  year={2020},
  publisher={土木学会}
}

@article{visitor01,
  author = {},
  journal = {},
  number = {},
  title = {},
  volume = {},
  year = {}
}

@article{kouti-01,
  author = {},
  journal = {},
  number = {},
  title = {},
  volume = {},
  year = {}
}

@article{touhoku-01,
  author = {},
  journal = {},
  number = {},
  title = {},
  volume = {},
  year = {}
}

@article{soumusho-01,
  author = {総務省・消防庁},
  journal = {消防の動き},
  number = {},
  title = {無人航空機の災害時における活用状況等調査について},
  volume = {2},
  year = {2022}
}

@article{mapoca,
  author = {Andrew Cohen and Ervin Teng and Vincent-Pierre Berges and Ruo-Ping Dong and Hunter Henry and Marwan Mattar and Alexander Zook and Sujoy Ganguly},
  journal = {arXiv},
  number = {cs.LG},
  title = {On the Use and Misuse of Absorbing States in Multi-agent Reinforcement Learning},
  volume = {2111.05992v2},
  year = {2022}
}

@article{tsunami\_evacuation\_koshigoe,
  author    = {山田 太郎 and 佐藤 花子 and 鈴木 次郎},
  title     = {観光客の津波避難経路選択について―鎌倉市腰越地区をケーススタディとして―},
  journal   = {都市計画報告集},
  volume    = {17},
  number    = {4},
  pages     = {388--395},
  year      = {2018},
  publisher = {日本都市計画学会},
  url       = {https://www.jstage.jst.go.jp/article/reportscpij/17/4/17\_388/\_pdf/-char/ja}
}


@article{kitahara2013tsunami,
  author    = {北原 武嗣 and 岸 祐介 and 久保 幸奨},
  title     = {高低差を考慮した津波災害時の群衆避難における経路選択に関する一検討},
  journal   = {土木学会論文集A1（構造・地震工学）},
  volume    = {69},
  number    = {4},
  pages     = {I\_1067--I\_1075},
  year      = {2013},
  publisher = {土木学会},
  url       = {https://www.jstage.jst.go.jp/article/jscejseee/69/4/69\_I\_1067/\_pdf/-char/ja},
  note      = {鎌倉市材木座沿岸部を対象とした津波避難シミュレーションを通じて、パーソナルスペースや高低差の考慮が避難行動に及ぼす影響を検討。}
}


@book{miyake2016,
  author    = {三宅 陽一郎},
  title     = {人工知能の作り方――「おもしろい」ゲームAIはいかにして動くのか},
  publisher = {技術評論社},
  year      = {2016},
  address   = {東京},
  note      = {ISBN: 978-4-7741-8627-6}
}

@techreport{CRDS2022DigitalTwin,
  author       = {国立研究開発法人科学技術振興機構 研究開発戦略センター},
  title        = {デジタルツインに関する国内外の研究開発動向},
  year         = {2022},
  month        = {3},
  institution  = {国立研究開発法人科学技術振興機構},
  note         = {調査報告書 CRDS-FY2021-RR-09},
  url          = {https://www.jst.go.jp/crds/pdf/2021/RR/CRDS-FY2021-RR-09.pdf}
}

@misc{scsk_toyota_digital_twin_2024,
  title        = {工場の「デジタルツイン」で働き方を変える。トヨタ自動車が目指す魅力的な職場づくり},
  author       = {SCSK株式会社},
  year         = {2024},
  month        = {2},
  url          = {https://www.scsk.jp/sp/itpnavi/article/2024/02/tmc_omniverse.html},
  note         = {最終アクセス: 2024年12月19日}
}

@misc{unity_robot_digital_twin_2021,
  title        = {Made with Unity：ロボットのデジタルツインの制作とトレーニング},
  author       = {Unity Technologies},
  year         = {2021},
  month        = {3},
  url          = {https://unity.com/ja/blog/industry/creating-and-training-a-robot-digital-twin},
  note         = {最終アクセス: 2024年12月19日}
}

